<record><leader>00000cas a22000007a 4500</leader><controlfield tag="001">9554753</controlfield><controlfield tag="008">830527d18831888ksuwr ne      0    0eng d</controlfield><controlfield tag="009">3789</controlfield><datafield ind1=" " ind2=" " tag="010"><subfield code="a">sn 83040329 </subfield></datafield><datafield ind1=" " ind2=" " tag="040"><subfield code="a">KSH</subfield><subfield code="b">eng</subfield><subfield code="c">KSH</subfield><subfield code="d">NPT</subfield></datafield><datafield ind1="1" ind2=" " tag="029"><subfield code="a">AU@</subfield><subfield code="b">000025794123</subfield></datafield><datafield ind1=" " ind2=" " tag="042"><subfield code="a">msc</subfield></datafield><datafield ind1=" " ind2=" " tag="043"><subfield code="a">n-us-ks</subfield></datafield><datafield ind1="0" ind2=" " tag="130"><subfield code="a">Allen County courant (Iola, Kan. : 1883)</subfield></datafield><datafield ind1="0" ind2="0" tag="245"><subfield code="a">Allen County courant.</subfield></datafield><datafield ind1=" " ind2=" " tag="260"><subfield code="a">Iola, Kan. :</subfield><subfield code="b">H.A. Perkins,</subfield><subfield code="c">1883-1888.</subfield></datafield><datafield ind1=" " ind2=" " tag="300"><subfield code="a">5 v. :</subfield><subfield code="b">ill. (chiefly advertisements) ;</subfield><subfield code="c">60 cm.</subfield></datafield><datafield ind1=" " ind2=" " tag="310"><subfield code="a">Weekly</subfield></datafield><datafield ind1="0" ind2=" " tag="362"><subfield code="a">Vol. 1, no. 1 (Sept. 7, 1883)-v. 5, no. 19 (Jan. 5, 1888).</subfield></datafield><datafield ind1=" " ind2=" " tag="500"><subfield code="a">"Democratic." Cf. Ayer, 1886.</subfield></datafield><datafield ind1="1" ind2=" " tag="700"><subfield code="a">Perkins, H. A.</subfield></datafield><datafield ind1=" " ind2=" " tag="752"><subfield code="a">United States</subfield><subfield code="b">Kansas</subfield><subfield code="c">Allen</subfield><subfield code="d">Iola.</subfield></datafield><datafield ind1="0" ind2="7" tag="785"><subfield code="t">Allen County democrat (Iola, Kan. : 1886)</subfield><subfield code="w">(DLC)sn 83040330</subfield></datafield><datafield ind1="0" ind2="7" tag="785"><subfield code="t">Democrat courant</subfield><subfield code="w">(DLC)sn 83040332</subfield></datafield></record>